@misc{equilibrio,
    author = "{Wikipedia contributors}",
    title = "Equilibrio Mecánico --- {Wikipedia}{,} The Free Encyclopedia",
    year = "2022",
    howpublished = {\url{https://es.wikipedia.org/wiki/Equilibrio_mecánico\#Estabilidad_del_equilibrio}},
    note = "[Online; accessed 1-September-2022]"
  }
  
@misc{lotkavolterra,
    author = "{Wikipedia contributors}",
    title = "Ecuaciones Lotka–Volterra --- {Wikipedia}{,} The Free Encyclopedia",
    year = "2022",
    howpublished = {\url{https://es.wikipedia.org/wiki/Ecuaciones_Lotka–Volterra}},
    note = "[Online; accessed 1-September-2022]"
  }
  
@misc{ec-de-lorenz,
    author = "{Wikipedia contributors}",
    title = "Atractor de Lorenz --- {Wikipedia}{,} The Free Encyclopedia",
    year = "2022",
    howpublished = {\url{https://es.wikipedia.org/wiki/Atractor_de_Lorenz}},
    note = "[Online; accessed 28-October-2022]"
  }

@misc{interpol,
    author = "{Wikipedia contributors}",
    title = "Interpolación --- {Wikipedia}{,} The Free Encyclopedia",
    year = "2022",
    howpublished = {\url{https://es.wikipedia.org/wiki/Interpolación}},
    note = "[Online; accessed 9-December-2022]"
  }

@misc{spline,
    author = "{Cátedra de Métodos Numéricos - Dpto. de Matemática - Facultad de Ingeniería - U.N.M.d.P.}",
    title = "Método de Spline",
    year = "2022",
    howpublished = {\url{http://www3.fi.mdp.edu.ar/metodos/apuntes/spline.pdf}},
    note = "[Online; accessed 9-December-2022]"
  }


@book{aaaaa,
    AUTHOR = {Adams, Robert A. and Fournier, John J. F.},
     TITLE = {Sobolev spaces},
    SERIES = {Pure and Applied Mathematics (Amsterdam)},
    VOLUME = {140},
   EDITION = {Second},
 PUBLISHER = {Elsevier/Academic Press, Amsterdam},
      YEAR = {2003},
     PAGES = {xiv+305},
      ISBN = {0-12-044143-8},
   MRCLASS = {46E35 (46-01 46-02 46B70 46Exx)},
  MRNUMBER = {2424078},
}

@techreport{CEL:arXiv,
    author = {Canc{\`e}s, Eric and Ehrlacher, Virginie and Leli{\`e}vre, Tony},
    title = {Greedy algorithms for high-dimensional non-symmetric linear problems},
    year = {2012},
    institution = {arXiv},
    url = {https://arxiv.org/abs/1210.6688v1},
    note = {{a}rXiv:1210.6688v1 [math.FA]},
    eprint = {arXiv:1210.6688v1}
}

@article{MS,
    AUTHOR = {Meyers, Norman G. and Serrin, James},
     TITLE = {{$H=W$}},
   JOURNAL = {Proc. Nat. Acad. Sci. U.S.A.},
  FJOURNAL = {Proceedings of the National Academy of Sciences of the United
              States of America},
    VOLUME = {51},
      YEAR = {1964},
     PAGES = {1055--1056},
      ISSN = {0027-8424},
   MRCLASS = {46.38},
  MRNUMBER = {164252},
MRREVIEWER = {Robert R. Phelps},
       DOI = {10.1073/pnas.51.6.1055},
       URL = {https://doi.org/10.1073/pnas.51.6.1055},
}
